<?xml version="1.0" encoding="UTF-8"?><record xmlns="http://www.loc.gov/MARC21/slim" xmlns:cinclude="http://apache.org/cocoon/include/1.0" xmlns:zs="http://www.loc.gov/zing/srw/">
  <leader>00772nz  a2200145n  4500</leader>
  <controlfield tag="001">nr 96037767 </controlfield>
  <controlfield tag="003">DLC</controlfield>
  <controlfield tag="005">19961105052243.4</controlfield>
  <controlfield tag="008">961021n| acannaab|          |a ana     c</controlfield>
  <datafield tag="010" ind1=" " ind2=" ">
    <subfield code="a">nr 96037767 </subfield>
  </datafield>
  <datafield tag="040" ind1=" " ind2=" ">
    <subfield code="a">MWA</subfield>
    <subfield code="c">MWA</subfield>
  </datafield>
  <datafield tag="110" ind1="2" ind2="0">
    <subfield code="a">General German School Committee of the United States</subfield>
  </datafield>
  <datafield tag="410" ind1="2" ind2="0">
    <subfield code="a">General School Committee of the Germans of the United States</subfield>
  </datafield>
  <datafield tag="670" ind1=" " ind2=" ">
    <subfield code="a">Its Address of the General School Committee of the Germans of the United States, to the citizens of the U. States and Germany, published by resolution of the German Convention, held at Pittsburgh, Pa., October 18, 1837, 1837:</subfield>
    <subfield code="b">p. 4 (signed by authority of the General German School Committee of the United States)</subfield>
  </datafield>
  <datafield tag="670" ind1=" " ind2=" ">
    <subfield code="a">MWA/NAIP files</subfield>
    <subfield code="b">(hdg.: General German School Committee of the United States)</subfield>
  </datafield>
</record>